<?xml version="1.0" encoding="UTF-8"?><collection xmlns="http://www.loc.gov/MARC21/slim"><record><leader>00443nam--2200157-i-4500</leader><controlfield tag="001">000029654</controlfield><controlfield tag="002">20161230</controlfield><controlfield tag="005">20170129224346</controlfield><controlfield tag="008">060222s1000------------r-----000-0-eng-d</controlfield><datafield ind1=" " ind2=" " tag="080"><subfield code="a">543.51(043)</subfield></datafield><datafield ind1=" " ind2=" " tag="100"><subfield code="a">Lieb, Waldemar</subfield></datafield><datafield ind1=" " ind2=" " tag="245"><subfield code="a">Darstellung und molekulspektroskopische untersuchung von komplex des n.n`-diacetylhydrazins</subfield></datafield><datafield ind1=" " ind2=" " tag="260"><subfield code="a">Stuttgart</subfield><subfield code="b">Universitat</subfield><subfield code="c">1980</subfield></datafield><datafield ind1=" " ind2=" " tag="300"><subfield code="a">105 p</subfield></datafield><datafield ind1=" " ind2=" " tag="852"><subfield code="a">48867</subfield></datafield><datafield ind1=" " ind2=" " tag="CAT"><subfield code="a">SYS</subfield><subfield code="c">20170129</subfield><subfield code="h">224346</subfield></datafield></record></collection>